@inproceedings{Bethencourt2007,
author = {Bethencourt, John and Sahai, Amit and Waters, Brent},
booktitle = {IEEE Symposium on Security and Privacy, 2007},
doi = {10.1109/SP.2007.11},
isbn = {0-7695-2848-1},
issn = {1081-6011},
month = may,
pages = {321--334},
publisher = {IEEE},
title = {{Ciphertext-Policy Attribute-Based Encryption}},
url = {http://ieeexplore.ieee.org/lpdocs/epic03/wrapper.htm?arnumber=4223236},
year = {2007}
}

@inproceedings{Goyal2006,
address = {New York, New York, USA},
author = {Goyal, Vipul and Pandey, Omkant and Sahai, Amit and Waters, Brent},
booktitle = {Proceedings of the 13th ACM conference on Computer and communications security - CCS '06},
doi = {10.1145/1180405.1180418},
isbn = {1595935185},
pages = {89},
publisher = {ACM Press},
title = {{Attribute-based encryption for fine-grained access control of encrypted data}},
url = {http://portal.acm.org/citation.cfm?doid=1180405.1180418},
year = {2006}
}

@inproceedings{Cox2002,
author = {Cox, Russ and Grosse, Eric and Pike, Rob and Presotto, Dave and Quinlan, Sean},
booktitle = {USENIX Security},
pages = {3--16},
title = {{Security in Plan 9.}},
url = {http://www.usenix.org/publications/library/proceedings/sec02/cox.html},
year = {2002}
}

@article{Diffie1976,
author = {Diffie, Whitfield and Hellman, Martin E.},
doi = {10.1109/TIT.1976.1055638},
issn = {0018-9448},
journal = {IEEE Transactions on Information Theory},
month = nov,
number = {6},
pages = {644--654},
title = {{New directions in cryptography}},
url = {http://ieeexplore.ieee.org/xpls/abs\_all.jsp?arnumber=1055638 http://ieeexplore.ieee.org/lpdocs/epic03/wrapper.htm?arnumber=1055638},
volume = {22},
year = {1976}
}

@article{Rivest1978,
author = {Rivest, R. L. and Shamir, A. and Adleman, L.},
doi = {10.1145/359340.359342},
journal = {Communications of the ACM},
number = {2},
pages = {120--126},
title = {{A method for obtaining digital signatures and public-key cryptosystems}},
url = {http://dl.acm.org/citation.cfm?id=359342},
volume = {21},
year = {1978}
}

@inproceedings{Kher2005,
address = {New York, New York, USA},
author = {Kher, Vishal and Kim, Yongdae},
booktitle = {Proceedings of the 2005 ACM workshop on Storage security and survivability},
doi = {10.1145/1103780.1103783},
isbn = {159593233X},
pages = {9},
publisher = {ACM Press},
title = {{Securing distributed storage: challenges, techniques, and systems}},
url = {http://dl.acm.org/citation.cfm?id=1103783 http://portal.acm.org/citation.cfm?doid=1103780.1103783},
year = {2005}
}

@article{Mazieres1999,
author = {Mazi\`{e}res, David and Kaminsky, Michael and Kaashoek, M. Frans and Witchel, Emmett},
doi = {10.1145/319344.319160},
isbn = {1581131402},
issn = {01635980},
journal = {ACM SIGOPS Operating Systems Review},
month = dec,
number = {5},
pages = {124--139},
title = {{Separating key management from file system security}},
url = {http://dl.acm.org/citation.cfm?id=319160},
volume = {33},
year = {1999}
}

@article{Miltchev2008,
author = {Miltchev, Stefan and Smith, Jonathan M. and Prevelakis, Vassilis and Keromytis, Angelos and Ioannidis, Sotiris},
doi = {10.1145/1380584.1380588},
issn = {03600300},
journal = {ACM Computing Surveys},
month = aug,
number = {3},
pages = {1--30},
title = {{Decentralized access control in distributed file systems}},
url = {http://portal.acm.org/citation.cfm?doid=1380584.1380588},
volume = {40},
year = {2008}
}

@inproceedings{Samar1996,
address = {New York, New York, USA},
author = {Samar, Vipin},
booktitle = {Proceedings of the 3rd ACM Conference on Computer and Communications Security},
doi = {10.1145/238168.238177},
isbn = {0897918290},
pages = {1--10},
publisher = {ACM Press},
title = {{Unified login with pluggable authentication modules (PAM)}},
url = {http://dl.acm.org/citation.cfm?id=238177 http://portal.acm.org/citation.cfm?doid=238168.238177},
year = {1996}
}

@article{Sandhu1996,
author = {Sandhu, Ravi S. and Coynek, Edward J. and Feinstein, Hal L. and Youman, Charles E.},
journal = {IEEE Computer},
number = {2},
pages = {38--47},
title = {{Role-Based Access Control Models}},
url = {http://modelibra.googlecode.com/svn/trunk/Modelibra/doc/security/sandhu96.pdf},
volume = {29},
year = {1996}
}

@article{Shamir1979,
author = {Shamir, Adi},
doi = {10.1145/359168.359176},
issn = {00010782},
journal = {Communications of the ACM},
month = nov,
number = {11},
pages = {612--613},
title = {{How to share a secret}},
url = {http://portal.acm.org/citation.cfm?doid=359168.359176},
volume = {22},
year = {1979}
}

@article{Morgan2004,
author = {Morgan, R. L. "Bob" and Cantor, Scott and Carmody, Steven and Hoehn, Walter and Klingenstein, Ken},
journal = {Educause Quarterly},
mendeley-groups = {Prelim,Prelim/Final},
number = {4},
pages = {12--17},
title = {{Federated Security: The Shibboleth Approach.}},
url = {http://eric.ed.gov/?id=EJ854029},
volume = {27},
year = {2004}
}

@mastersthesis{custos-masters,
author = {Sayler, Andy},
title = {{Custos: A Flexibly Secure Key-Value Storage Platform}},
school = {University of Colorado Boulder},
year = {2013},
month = {December}
}
